% A

@misc{abraham2022bingo,
  author       = {Ittai Abraham and Philipp Jovanovic and Mary Maller and Sarah Meiklejohn and Gilad Stern},
  title        = {\href{https://eprint.iacr.org/2022/1759}{Bingo: Adaptively Secure Packed Asynchronous Verifiable Secret Sharing and Asynchronous Distributed Key Generation}},
  howpublished = {Cryptology ePrint Archive, Paper 2022/1759},
  year         = {2022},
}

@inproceedings{abraham2021reaching,
  title     = {\href{https://link.springer.com/article/10.1007/s00446-022-00436-8}{Reaching Consensus for Asynchronous Distributed Key Generation}},
  author    = {Abraham, Ittai and Jovanovic, Philipp and Maller, Mary and Meiklejohn, Sarah and Stern, Gilad and Tomescu, Alin},
  booktitle = {Proceedings of the 2021 ACM Symposium on Principles of Distributed Computing},
  pages     = {363--373},
  year      = {2021}
}

% B

@inproceedings{bacho2022on,
  author    = {Bacho, Renas and Loss, Julian},
  title     = {On the Adaptive Security of the Threshold BLS Signature Scheme},
  publisher = {ACM},
  booktitle = {Proceedings of the 2022 ACM SIGSAC Conference on Computer and Communications Security},
  pages     = {193--207},
  year      = {2022},
}

@inproceedings{twins,
  title        = {Twins: Bft systems made robust},
  author       = {Bano, Shehar and Sonnino, Alberto and Chursin, Andrey and Perelman, Dmitri and Li, Zekun and Ching, Avery and Malkhi, Dahlia},
  booktitle    = {25th International Conference on Principles of Distributed Systems (OPODIS 2021)},
  year         = {2022},
  organization = {Schloss Dagstuhl-Leibniz-Zentrum f{\"u}r Informatik}
}

@inproceedings{boldyreva2003threshold,
  title        = {\href{https://www.iacr.org/archive/pkc2003/25670031/25670031.pdf}{Threshold Signatures, Multisignatures and Blind Signatures Based on the Gap-Diffie-Hellman-Group Signature Scheme}},
  author       = {Boldyreva, Alexandra},
  booktitle    = {6th International Workshop on Theory and Practice in Public Key Cryptography (PKC)},
  pages        = {31--46},
  year         = {2003},
  organization = {Springer}
}

@inproceedings{boneh2001short,
  title        = {Short signatures from the Weil pairing},
  author       = {Boneh, Dan and Lynn, Ben and Shacham, Hovav},
  booktitle    = {International conference on the theory and application of cryptology and information security},
  pages        = {514--532},
  year         = {2001},
  organization = {Springer}
}

@inproceedings{boneh2013constrained,
  title        = {Constrained pseudorandom functions and their applications},
  author       = {Boneh, Dan and Waters, Brent},
  booktitle    = {International conference on the theory and application of cryptology and information security},
  pages        = {280--300},
  year         = {2013},
  organization = {Springer}
}

@inproceedings{boneh2018compact,
  title        = {Compact multi-signatures for smaller blockchains},
  author       = {Boneh, Dan and Drijvers, Manu and Neven, Gregory},
  booktitle    = {International Conference on the Theory and Application of Cryptology and Information Security},
  pages        = {435--464},
  year         = {2018},
  organization = {Springer}
}

% C

@book{cachin2011introduction,
  title     = {Introduction to reliable and secure distributed programming},
  author    = {Cachin, Christian and Guerraoui, Rachid and Rodrigues, Lu{\'\i}s},
  year      = {2011},
  publisher = {Springer Science \& Business Media}
}

@inproceedings{camenisch2006how,
  author    = {Jan Camenisch and Susan Hohenberger and Markulf Kohlweiss and Anna Lysyanskaya and Mira Meyerovich},
  title     = {\href{https://eprint.iacr.org/2006/454}{How to Win the Clone Wars: Efficient Periodic n-Times Anonymous Authentication}},
  booktitle = {Proceedings of the 13th {ACM} Conference on Computer and Communications Security, {CCS} 2006},
  pages     = {201--210},
  year      = {2006},
  publisher = {ACM},
}

@misc{celo,
  title        = {Celo},
  author       = {cLabs},
  howpublished = {\url{https://celo.org}},
  year         = {2022}
}

% D

@article{davidson2018privacy,
  author    = {Alex Davidson and Ian Goldberg and Nick Sullivan and George Tankersley and Filippo Valsorda},
  title     = {\href{https://petsymposium.org/popets/2018/popets-2018-0026.pdf}{Privacy Pass: Bypassing Internet Challenges Anonymously}},
  journal   = {Proceedings on Privacy Enhancing Technologies (PETS)},
  volume    = {2018},
  number    = {3},
  pages     = {164--180},
  year      = {2018},
  publisher = {De Gruyter},
}

@inproceedings{desantis1994how,
  author    = {De Santis, Alfredo and Desmedt, Yvo and Frankel, Yair and Yung, Moti},
  title     = {\href{https://dl.acm.org/doi/10.1145/195058.195405}{How to Share a Function Securely}},
  year      = {1994},
  publisher = {ACM},
  booktitle = {Proceedings of the 26th Annual ACM Symposium on Theory of Computing (STOC)},
  pages     = {522â€“533},
}

% E
% F
% G

@article{gennaro2007secure,
  title     = {Secure Distributed Key Generation for Discrete-log Based Cryptosystems},
  author    = {Gennaro, Rosario and Jarecki, Stanislaw and Krawczyk, Hugo and Rabin, Tal},
  journal   = {Journal of Cryptology},
  volume    = {20},
  number    = {1},
  pages     = {51--83},
  year      = {2007},
  publisher = {Springer}
}

@inproceedings{groth2016size,
  title={On the size of pairing-based non-interactive arguments},
  author={Groth, Jens},
  booktitle={Annual international conference on the theory and applications of cryptographic techniques},
  pages={305--326},
  year={2016},
  organization={Springer}
}

@inproceedings{gurkan2021aggregatable,
  title={Aggregatable distributed key generation},
  author={Gurkan, Kobi and Jovanovic, Philipp and Maller, Mary and Meiklejohn, Sarah and Stern, Gilad and Tomescu, Alin},
  booktitle={Annual International Conference on the Theory and Applications of Cryptographic Techniques},
  pages={147--176},
  year={2021},
  organization={Springer}
}

% H

@techreport{hao2017schnorr,
  title  = {Schnorr non-interactive zero-knowledge proof},
  author = {Hao, Feng},
  year   = {2017}
}

@misc{hagen20discoveryabuse,
      author = {Christoph Hagen and Christian Weinert and Christoph Sendner and Alexandra Dmitrienko and Thomas Schneider},
      title = {\href{https://eprint.iacr.org/2020/1119}{All the Numbers are US: Large-scale Abuse of Contact Discovery in Mobile Messengers}},
      howpublished = {Cryptology ePrint Archive, Paper 2020/1119},
      year = {2020},
      url = {https://eprint.iacr.org/2020/1119}
}

% I
% J
% K

@inproceedings{kales2019mobile,
  author    = {Daniel Kales and Christian Rechberger and Thomas Schneider and Matthias Senker and Christian Weinert},
  title     = {\href{https://www.usenix.org/system/files/sec19-kales.pdf}{Mobile Private Contact Discovery at Scale}},
  booktitle = {Proceedings of the 28th USENIX Security Symposium},
  year      = {2019},
}

@misc{kate2012distributed,
  title        = {Distributed key generation in the wild},
  author       = {Kate, Aniket and Huang, Yizhou and Goldberg, Ian},
  howpublished = {Cryptology ePrint Archive},
  year         = {2012}
}

% L
% M

@misc{marlinspike14contactdiscovery,
  author  = {Moxie Marlinspike},
  title   = {\href{https://signal.org/blog/contact-discovery/}{The Difficulty of Private Contact Discovery}},
  month   = {January},
  year    = {2014},
}

@misc{marlinspike2017technology,
  author  = {Moxie Marlinspike},
  title   = {\href{https://signal.org/blog/private-contact-discovery/}{Technology Preview: Private Contact Discovery for Signal}},
  month   = {September},
  year    = {2017},
}

@misc{mozilla21scraping,
author = {M.J. Kelly},
title = {You've been scraped},
howpublished = {\url{https://blog.mozilla.org/en/privacy-security/facebook-data-leak-explained/}},
month = {April},
year = {2021},
}

% N
% O
% P
@misc{cryptoeprint:2007/453,
      author = {Kenneth G.  Paterson and Sriramkrishnan Srinivasan},
      title = {On the Relations Between Non-Interactive Key Distribution, Identity-Based Encryption and Trapdoor Discrete Log Groups},
      howpublished = {Cryptology ePrint Archive, Paper 2007/453},
      year = {2007},
      url = {https://eprint.iacr.org/2007/453}
}

% Q
% R

@article{matsakis2014rust,
  title         = {The Rust Language},
  author        = {Matsakis, Nicholas D. and Klock, Felix S.},
  booktitle     = {ACM SIGAda Ada Letters},
  volume        = {34},
  number        = {3},
  pages         = {103--104},
  year          = {2014},
  organization  = {ACM}
}

% S

@article{shamir79share,
  author  = {Adi Shamir},
  title   = {\href{https://cs.jhu.edu/~sdoshi/crypto/papers/shamirturing.pdf}{How to Share a Secret}},
  journal = {Communications of the ACM},
  volume  = {22},
  number  = {11},
  year    = {1979},
  pages   = {612-613}
}

@inproceedings{schnorr1989efficient,
  title        = {Efficient identification and signatures for smart cards},
  author       = {Schnorr, Claus-Peter},
  booktitle    = {Conference on the Theory and Application of Cryptology},
  pages        = {239--252},
  year         = {1989},
  organization = {Springer}
}

@misc{signal,
  title        = {Signal: Speak Freely},
  author       = {Signal},
  howpublished = {\url{https://signal.org}},
  year         = {2022}
}

@misc{sui,
  title        = {Sui: Build without Boundaries},
  author       = {Mysten Labs},
  howpublished = {\url{https://sui.io}},
  year         = {2022}
}

% T

@misc{telegram,
  title        = {Telegram: A New Era of Messaging},
  author       = {Telegram},
  howpublished = {\url{https://telegram.org}},
  year         = {2022}
}

@misc{telegrampolicy,
author = {{Telegram}},
title = {Telegram Privacy Policy},
howpublished = {\url{https://telegram.org/privacy}},
year = {2022},
}

% U
% V
% W

@misc{whatsapp,
  title        = {WhatsApp: Simple, Secure, Reliable messaging},
  author       = {WhatsApp LLC},
  howpublished = {\url{https://www.whatsapp.com}},
  year         = {2022}
}


@misc{whatsapppolicy,
author = {{WhatsApp Inc.}},
title = {Terms of {S}ervice},
howpublished = {\url{https://www.whatsapp.com/legal\#terms-of-service}},
year = {2022},
}

% X
% Y

@inproceedings{hotstuff,
  title     = {Hotstuff: Bft consensus with linearity and responsiveness},
  author    = {Yin, Maofan and Malkhi, Dahlia and Reiter, Michael K and Gueta, Guy Golan and Abraham, Ittai},
  booktitle = {Proceedings of the 2019 ACM Symposium on Principles of Distributed Computing},
  pages     = {347--356},
  year      = {2019}
}

% Z
